
@Misc{CuteCircuit,
  author =       {CuteCircuit},
  title =        {Fashion company for wearable technology and interactive fashion},
  year =         2017,
  day =          04,
  note =
                  {\url{http://cutecircuit.com/}},
  annote =       {URL}
}


@Misc{berlinArt,
  author =       {Berlin University of the Arts},
  title =        {Department of Textile and Surface Design},
  year =         2017,
  day =          04,
  note =
                  {\url{http://www.kh-berlin.de/en/studies/departments/bama-textile-and-surface-design/bama-textile-and-surface-design.html}},
  annote =       {URL}
}

@Misc{Pretty,
  author =       {Pretty Smart Textiles},
  title =        {Exhibition for artistic electronic textiles in Belgium},
  year =         2017,
  day =          04,
  note =
                  {\url{http://prettysmarttextiles.com/}},
  annote =       {URL}
}

@inproceedings{Buechley:2010:LWH:1858171.1858206,
 author = {Buechley, Leah and Hill, Benjamin Mako},
 title = {LilyPad in the Wild: How Hardware's Long Tail is Supporting New Engineering and Design Communities},
 booktitle = {Proceedings of the 8th ACM Conference on Designing Interactive Systems},
 series = {DIS '10},
 year = {2010},
 isbn = {978-1-4503-0103-9},
 location = {Aarhus, Denmark},
 pages = {199--207},
 numpages = {9},
 url = {http://doi.acm.org/10.1145/1858171.1858206},
 doi = {10.1145/1858171.1858206},
 acmid = {1858206},
 publisher = {ACM},
 address = {New York, NY, USA},
 keywords = {Arduino, LilyPad, e-textiles, electronic textiles, long tail, open-source hardware, wearable computing},
} 

@ARTICLE{5387040, 
author={E. R. Post and M. Orth and P. R. Russo and N. Gershenfeld}, 
journal={IBM Systems Journal}, 
title={E-broidery: Design and fabrication of textile-based computing}, 
year={2000}, 
volume={39}, 
number={3.4}, 
pages={840-860}, 
doi={10.1147/sj.393.0840}, 
ISSN={0018-8670}, 
month={},}


@Article{Buechley2009,
author="Buechley, Leah
and Eisenberg, Michael",
title="Fabric PCBs, electronic sequins, and socket buttons: techniques for e-textile craft",
journal="Personal and Ubiquitous Computing",
year="2009",
month="Feb",
day="01",
volume="13",
number="2",
pages="133--150",
abstract="The blossoming research field of electronic textiles (or e-textiles) seeks to integrate ubiquitous electronic and computational elements into fabric. This paper concerns one of the most challenging aspects of the design and construction of e-textile prototypes: namely, engineering the attachment of traditional hardware components to textiles. We present three new techniques for attaching off-the-shelf electrical hardware to e-textiles: (a) the design of fabric PCBs or iron-on circuits to attach electronics directly to a fabric substrate; (b) the use of electronic sequins to create wearable displays and other artifacts; and (c) the use of socket buttons to facilitate connecting pluggable devices to textiles. In this work we have focused on using easily obtained materials and developing user-friendly techniques; our aim is to develop methods that will make e-textile technology available to crafters, students, and hobbyists. This paper describes the techniques and employs them as a springboard for a wider-ranging discussion of ``e-textile craft''.",
issn="1617-4917",
doi="10.1007/s00779-007-0181-0",
url="https://doi.org/10.1007/s00779-007-0181-0"
}



@inproceedings{Buechley:2008:LAU:1357054.1357123,
 author = {Buechley, Leah and Eisenberg, Mike and Catchen, Jaime and Crockett, Ali},
 title = {The LilyPad Arduino: Using Computational Textiles to Investigate Engagement, Aesthetics, and Diversity in Computer Science Education},
 booktitle = {CHI '08},
 isbn = {978-1-60558-011-1},
 location = {Florence, Italy},
 pages = {423--432},
 numpages = {10},
 url = {http://doi.acm.org/10.1145/1357054.1357123},
 doi = {10.1145/1357054.1357123},
 acmid = {1357123},
 publisher = {ACM},
 address = {New York, NY, USA},
 keywords = {computational textiles, construction kits., e-textiles, electronic textiles, lilypad arduino, smart textiles, wearable computing},
} 

@article{castano2014smart,
  title={Smart fabric sensors and e-textile technologies: a review},
  author={Castano, Lina M and Flatau, Alison B},
  journal={Smart Materials and Structures},
  volume={23},
  number={5},
  pages={053001},
  year={2014},
  publisher={IOP Publishing}
}

@ARTICLE{4487082, 
author={L. Buechley and M. Eisenberg}, 
journal={IEEE Pervasive Computing}, 
title={The LilyPad Arduino: Toward Wearable Engineering for Everyone},
year={2008}, 
volume={7}, 
number={2}, 
pages={12-15}, 
keywords={fabrics;production engineering computing;textile industry;ubiquitous computing;wearable computers;LilyPad Arduino;computer science;e-textiles;electrical engineering;electronic textiles;fabric-based computer;fashion design;pervasive device;textile design;ubiquitous computing;wearable computing;wearable engineering;Clothing;Computer science;Computer vision;Design engineering;Electrical engineering;Fabrics;Pervasive computing;Textile technology;Ubiquitous computing;Wearable computers;computational design;e-textile;electronic textile}, 
doi={10.1109/MPRV.2008.38}, 
ISSN={1536-1268}, 
month={April},}







@inproceedings{Berglund:2015:SCA:2802083.2808413,
 author = {Berglund, Mary Ellen and Duvall, Julia and Simon, Cory and Dunne, Lucy E.},
 title = {Surface-mount Component Attachment for e-Textiles},
 booktitle = {Proceedings of the 2015 ACM International Symposium on Wearable Computers},
 series = {ISWC '15},
 year = {2015},
 isbn = {978-1-4503-3578-2},
 location = {Osaka, Japan},
 pages = {65--66},
 numpages = {2},
 url = {http://doi.acm.org/10.1145/2802083.2808413},
 doi = {10.1145/2802083.2808413},
 acmid = {2808413},
 publisher = {ACM},
 address = {New York, NY, USA},
} 

@inproceedings{linz2008embroidered,
  title={Embroidered interconnections and encapsulation for electronics in textiles for wearable electronics applications},
  author={Linz, Torsten and Vieroth, Ren{\'e} and Dils, Christian and Koch, Mathias and Braun, Tanja and Becker, Karl Friedrich and Kallmayer, Christine and Hong, Soon Min},
  booktitle={Advances in science and technology},
  volume={60},
  pages={85--94},
  year={2008},
  organization={Trans Tech Publ}
}

@inproceedings{linz2005embroidering,
  title={Embroidering electrical interconnects with conductive yarn for the integration of flexible electronic modules into fabric},
  author={Linz, Torsten and Kallmayer, Christine and Aschenbrenner, Rolf and Reichl, Herbert},
  booktitle={Wearable Computers, 2005. Proceedings. Ninth IEEE International Symposium on},
  pages={86--89},
  year={2005},
  organization={IEEE}
}

@inproceedings{eichinger2007using,
  title={Using a PCB layout tool to create embroidered circuits},
  author={Eichinger, George F and Baumann, Kara and Martin, Thomas and Jones, Mark},
  booktitle={Wearable Computers, 2007 11th IEEE International Symposium on},
  pages={105--106},
  year={2007},
  organization={IEEE}
}

@inproceedings{brechet2017cost,
  title={Cost-and time-effective sewing patterns for embroidered passive UHF RFID tags},
  author={Brechet, Nicolas and Ginestet, Galat{\'e}e and Torres, Jeremie and Moradi, Elham and Ukkonen, Leena and Bj{\"o}rninen, Toni and Virkki, Johanna},
  booktitle={Antenna Technology: Small Antennas, Innovative Structures, and Applications (iWAT), 2017 International Workshop on},
  pages={30--33},
  year={2017},
  organization={IEEE}
}

@inproceedings{zeagler2012textile,
  title={Textile interfaces: Embroidered jog-wheel, beaded tilt sensor, twisted pair ribbon, and sound sequins},
  author={Zeagler, Clint and Gilliland, Scott and Profita, Halley and Starner, Thad},
  booktitle={Wearable Computers (ISWC), 2012 16th International Symposium on},
  pages={60--63},
  year={2012},
  organization={IEEE}
}

@article{roh2014textile,
  title={Textile touch sensors for wearable and ubiquitous interfaces},
  author={Roh, Jung-Sim},
  journal={Textile Research Journal},
  volume={84},
  number={7},
  pages={739--750},
  year={2014},
  publisher={SAGE Publications Sage UK: London, England}
}

@inproceedings{Gowrishankar:2013:PRE:2493988.2494341,
 author = {Gowrishankar, Ramyah and Mikkonen, Jussi},
 title = {Pattern Resistors: Exploring Resistive Motifs As Components for e-Embroidery},
 booktitle = {Proceedings of the 2013 International Symposium on Wearable Computers},
 series = {ISWC '13},
 year = {2013},
 isbn = {978-1-4503-2127-3},
 location = {Zurich, Switzerland},
 pages = {137--138},
 numpages = {2},
 url = {http://doi.acm.org/10.1145/2493988.2494341},
 doi = {10.1145/2493988.2494341},
 acmid = {2494341},
 publisher = {ACM},
 address = {New York, NY, USA},
 keywords = {e-embroidery, e-textiles, pattern resistors, soft components},
} 

@inproceedings{buechley2005quilt,
  title={Quilt snaps: a fabric based computational construction kit},
  author={Buechley, Leah and Elumeze, Nwanua and Dodson, Camille and Eisenberg, Michael},
  booktitle={Wireless and Mobile Technologies in Education, 2005. WMTE 2005. IEEE International Workshop on},
  pages={3--pp},
  year={2005},
  organization={IEEE}
}


@inproceedings{linz2006fully,
  title={Fully untegrated EKG shirt based on embroidered electrical interconnections with conductive yarn and miniaturized flexible electronics},
  author={Linz, Torsten and Kallmayer, Christine and Aschenbrenner, Rolf and Reichl, Herbert},
  booktitle={Wearable and Implantable Body Sensor Networks, 2006. BSN 2006. International Workshop on},
  pages={4--pp},
  year={2006},
  organization={IEEE}
}



@article{schweikardt2000digital,
  title={Digital Clay: deriving digital models from freehand sketches},
  author={Schweikardt, Eric and Gross, Mark D},
  journal={Automation in construction},
  volume={9},
  number={1},
  pages={107--115},
  year={2000},
  publisher={Elsevier}
}


@inproceedings{Kazemitabaar:2017:MTA:3025453.3025887,
 author = {Kazemitabaar, Majeed and McPeak, Jason and Jiao, Alexander and He, Liang and Outing, Thomas and Froehlich, Jon E.},
 title = {MakerWear: A Tangible Approach to Interactive Wearable Creation for Children},
 booktitle = {Proceedings of the 2017 CHI Conference on Human Factors in Computing Systems},
 series = {CHI '17},
 year = {2017},
 isbn = {978-1-4503-4655-9},
 location = {Denver, Colorado, USA},
 pages = {133--145},
 numpages = {13},
 url = {http://doi.acm.org/10.1145/3025453.3025887},
 doi = {10.1145/3025453.3025887},
 acmid = {3025887},
 publisher = {ACM},
 address = {New York, NY, USA},
 keywords = {children, construction kits, e-textiles, stem, wearables},
} 

@inproceedings{landay1995interactive,
  title={Interactive sketching for the early stages of user interface design},
  author={Landay, James A and Myers, Brad A},
  booktitle={Proceedings of the SIGCHI conference on Human factors in computing systems},
  pages={43--50},
  year={1995},
  organization={ACM Press/Addison-Wesley Publishing Co.}
}

@inproceedings{saul2011sketchchair,
  title={SketchChair: an all-in-one chair design system for end users},
  author={Saul, Greg and Lau, Manfred and Mitani, Jun and Igarashi, Takeo},
  booktitle={Proceedings of the fifth international conference on Tangible, embedded, and embodied interaction},
  pages={73--80},
  year={2011},
  organization={ACM}
}

@inproceedings{mori2007plushie,
  title={Plushie: an interactive design system for plush toys},
  author={Mori, Yuki and Igarashi, Takeo},
  booktitle={ACM Transactions on Graphics (TOG)},
  volume={26},
  number={3},
  pages={45},
  year={2007},
  organization={ACM}
}

@inproceedings{saul2010interactive,
  title={Interactive paper devices: end-user design \& fabrication},
  author={Saul, Greg and Xu, Cheng and Gross, Mark D},
  booktitle={Proceedings of the fourth international conference on Tangible, embedded, and embodied interaction},
  pages={205--212},
  year={2010},
  organization={ACM}
}

@inproceedings{johnson2012sketch,
  title={Sketch it, make it: sketching precise drawings for laser cutting},
  author={Johnson, Gabe and Gross, Mark and Do, Ellen Yi-Luen and Hong, Jason},
  booktitle={CHI'12 Extended Abstracts on Human Factors in Computing Systems},
  pages={1079--1082},
  year={2012},
  organization={ACM}
}

@incollection{oh2006designosaur,
  title={The designosaur and the furniture factory},
  author={Oh, Yeonjoo and Johnson, Gaberial and Gross, Mark and Do, Ellen Yi-Luen},
  booktitle={Design Computing and Cognition’06},
  pages={123--140},
  year={2006},
  publisher={Springer}
}


@inproceedings{park2002wearable,
  title={The wearable motherboard: a framework for personalized mobile information processing (PMIP)},
  author={Park, Sungmee and Mackenzie, Kenneth and Jayaraman, Sundaresan},
  booktitle={proceedings of the 39th annual design automation conference},
  pages={170--174},
  year={2002},
  organization={ACM}
}

@inproceedings{pacelli2006sensing,
  title={Sensing fabrics for monitoring physiological and biomechanical variables: E-textile solutions},
  author={Pacelli, M and Loriga, G and Taccini, N and Paradiso, R},
  booktitle={Medical Devices and Biosensors, 2006. 3rd IEEE/EMBS International Summer School on},
  pages={1--4},
  year={2006},
  organization={IEEE}
}

@inproceedings{holleczek2010textile,
  title={Textile pressure sensors for sports applications},
  author={Holleczek, Thomas and R{\"u}egg, Alex and Harms, Holger and Tr{\"o}ster, Gerhard},
  booktitle={Sensors, 2010 IEEE},
  pages={732--737},
  year={2010},
  organization={IEEE}
}

@article{grossman2004lifeshirt,
  title={The LifeShirt: a multi-function ambulatory system monitoring health, disease, and medical intervention in the real world},
  author={Grossman, Paul},
  journal={Stud Health Technol Inform},
  volume={108},
  pages={133--141},
  year={2004}
}

@article{berzowska2005electronic,
  title={Electronic textiles: Wearable computers, reactive fashion, and soft computation},
  author={Berzowska, Joanna},
  journal={Textile},
  volume={3},
  number={1},
  pages={58--75},
  year={2005},
  publisher={Taylor \& Francis}
}

@inproceedings{wakita2006mosaic,
  title={Mosaic textile: wearable ambient display with non-emissive color-changing modules},
  author={Wakita, Akira and Shibutani, Midori},
  booktitle={Proceedings of the 2006 ACM SIGCHI international conference on Advances in computer entertainment technology},
  pages={48},
  year={2006},
  organization={ACM}
}

@article{lee2005weave,
  title={Weave patterned organic transistors on fiber for E-textiles},
  author={Lee, Josephine B and Subramanian, Vivek},
  journal={IEEE Transactions on Electron Devices},
  volume={52},
  number={2},
  pages={269--275},
  year={2005},
  publisher={IEEE}
}

@article{bonfiglio2005organic,
  title={Organic field effect transistors for textile applications},
  author={Bonfiglio, Annalisa and De Rossi, Danilo and Kirstein, T{\"u}nde and Locher, Ivo R and Mameli, Fulvia and Paradiso, Rita and Vozzi, Giovanni},
  journal={IEEE transactions on information technology in biomedicine},
  volume={9},
  number={3},
  pages={319--324},
  year={2005},
  publisher={IEEE}
}

@article{sirringhaus2000high,
  title={High-resolution inkjet printing of all-polymer transistor circuits},
  author={Sirringhaus, H and Kawase, T and Friend, RH and Shimoda, T and Inbasekaran, M and Wu, W and Woo, EP},
  journal={Science},
  volume={290},
  number={5499},
  pages={2123--2126},
  year={2000},
  publisher={American Association for the Advancement of Science}
}

@article{hamedi2007towards,
  title={Towards woven logic from organic electronic fibres},
  author={Hamedi, Mahiar and Forchheimer, Robert and Ingan{\"a}s, Olle},
  journal={Nature materials},
  volume={6},
  number={5},
  pages={357},
  year={2007},
  publisher={Nature Publishing Group}
}

@article{cottet2003electrical,
  title={Electrical characterization of textile transmission lines},
  author={Cottet, Didier and Grzyb, Janusz and Kirstein, T{\"u}nde and Troster, Gerhard},
  journal={IEEE Transactions on advanced packaging},
  volume={26},
  number={2},
  pages={182--190},
  year={2003},
  publisher={IEEE}
}

@inproceedings{dunne2006garment,
  title={Garment-based body sensing using foam sensors},
  author={Dunne, Lucy E and Brady, Sarah and Tynan, Richard and Lau, Kim and Smyth, Barry and Diamond, Dermot and O'Hare, Gregory MP},
  booktitle={Proceedings of the 7th Australasian User interface conference-Volume 50},
  pages={165--171},
  year={2006},
  organization={Australian Computer Society, Inc.}
}


@article{orth2002defining,
  title={Defining flexibility and sewability in conductive yarns},
  author={Orth, Margaret},
  journal={MRS Online Proceedings Library Archive},
  volume={736},
  year={2002},
  publisher={Cambridge University Press}
}

@inproceedings{edmison2002using,
  title={Using piezoelectric materials for wearable electronic textiles},
  author={Edmison, Joshua and Jones, Mark and Nakad, Zahi and Martin, Thomas},
  booktitle={Wearable Computers, 2002.(ISWC 2002). Proceedings. Sixth International Symposium on},
  pages={41--48},
  year={2002},
  organization={IEEE}
}

@inproceedings{lehn2004tags,
  title={e-TAGs: e-textile attached gadgets},
  author={Lehn, D and Neely, C and Schoonover, Kevin and Martin, T and Jones, M},
  booktitle={Proceedings of Communication Networks and Distributed Systems: Modeling and Simulation},
  year={2004}
}

@article{farboodmanesh2005effect,
  title={Effect of coating thickness and penetration on shear behavior of coated fabrics},
  author={Farboodmanesh, Samira and Chen, Julie and Mead, Joey L and White, KD and Yesilalan, HE and Laoulache, Raymond and Warner, Steve B},
  journal={Journal of Elastomers \& Plastics},
  volume={37},
  number={3},
  pages={197--227},
  year={2005},
  publisher={Sage Publications Sage CA: Thousand Oaks, CA}
}

@article{kim2010electrical,
  title={Electrical characterization of screen-printed circuits on the fabric},
  author={Kim, Yongsang and Kim, Hyejung and Yoo, Hoi-Jun},
  journal={IEEE transactions on advanced packaging},
  volume={33},
  number={1},
  pages={196--205},
  year={2010},
  publisher={IEEE}
}

@article{bonderover2004woven,
  title={A woven inverter circuit for e-textile applications},
  author={Bonderover, Eitan and Wagner, Sigurd},
  journal={IEEE Electron Device Letters},
  volume={25},
  number={5},
  pages={295--297},
  year={2004},
  publisher={IEEE}
}


@article{yang2013waterproof,
  title={Waterproof and durable screen printed silver conductive tracks on textiles},
  author={Yang, Kai and Torah, Russel and Wei, Yang and Beeby, Steve and Tudor, John},
  journal={Textile Research Journal},
  volume={83},
  number={19},
  pages={2023--2031},
  year={2013},
  publisher={SAGE Publications Sage UK: London, England}
}

@article{stempien2017shape,
  title={Shape-programmed inkjet-printed silver electro-conductive layers on textile surfaces},
  author={Stempien, Z and Rybicki, E and Patykowska, A and Rybicki, T and Szynkowska, MI},
  journal={Journal of Industrial Textiles},
  pages={1528083717690610},
  year={2017},
  publisher={SAGE Publications Sage UK: London, England}
}

@article{stempien2017shape,
  title={Shape-programmed inkjet-printed silver electro-conductive layers on textile surfaces},
  author={Stempien, Z and Rybicki, E and Patykowska, A and Rybicki, T and Szynkowska, MI},
  journal={Journal of Industrial Textiles},
  pages={1528083717690610},
  year={2017},
  publisher={SAGE Publications Sage UK: London, England}
}

@article{dhawan2004woven1,
  title={Woven fabric-based electrical circuits: Part i: Evaluating interconnect methods},
  author={Dhawan, Anuj and Seyam, Abdelfattah M and Ghosh, Tushar K and Muth, John F},
  journal={Textile Research Journal},
  volume={74},
  number={10},
  pages={913--919},
  year={2004},
  publisher={Sage Publications Sage CA: Thousand Oaks, CA}
}

@article{dhawan2004woven2,
  title={Woven Fabric-Based Electrical Circuits: Part II: Yarn and Fabric Structures to Reduce Crosstalk Noise in Woven Fabric-Based Circuits},
  author={Dhawan, Anuj and Ghosh, Tushar K and Seyam, Abdelfattah M and Muth, John F},
  journal={Textile Research Journal},
  volume={74},
  number={11},
  pages={955--960},
  year={2004},
  publisher={Sage Publications Sage CA: Thousand Oaks, CA}
}

@inproceedings{farringdon1999wearable,
  title={Wearable sensor badge and sensor jacket for context awareness},
  author={Farringdon, Jonny and Moore, Andrew J and Tilbury, Nancy and Church, James and Biemond, Pieter D},
  booktitle={Wearable Computers, 1999. Digest of Papers. The Third International Symposium on},
  pages={107--113},
  year={1999},
  organization={IEEE}
}

@article{schwarz2010steps,
  title={Steps Towards a Textile-Based Transistor: Development of the Gate and Insulating Layer},
  author={Schwarz, Anne and Cardoen, J and Westbroek, Philippe and Van Langenhove, Lieva and Bruneel, Els and Van Driessche, Isabel and Hakuzimana, J},
  journal={Textile Research Journal},
  volume={80},
  number={16},
  pages={1738--1746},
  year={2010},
  publisher={SAGE Publications Sage UK: London, England}
}

@inproceedings{hamdan2016grabbing,
  title={Grabbing at an angle: menu selection for fabric interfaces},
  author={Hamdan, Nur Al-huda and Blum, Jeffrey R and Heller, Florian and Kosuru, Ravi Kanth and Borchers, Jan},
  booktitle={Proceedings of the 2016 ACM International Symposium on Wearable Computers},
  pages={1--7},
  year={2016},
  organization={ACM}
}

@article{paradiso2005wearable,
  title={A wearable health care system based on knitted integrated sensors},
  author={Paradiso, Rita and Loriga, Giannicola and Taccini, Nicola},
  journal={IEEE transactions on Information Technology in biomedicine},
  volume={9},
  number={3},
  pages={337--344},
  year={2005},
  publisher={IEEE}
}

@inproceedings{wijesiriwardana2004fibre,
  title={Fibre-meshed transducers based real time wearable physiological information monitoring system},
  author={Wijesiriwardana, Ravi and Mitcham, K and Dias, Tilak},
  booktitle={Wearable Computers, 2004. ISWC 2004. Eighth International Symposium on},
  volume={1},
  pages={40--47},
  year={2004},
  organization={IEEE}
}

@article{paradiso2005wearable,
  title={A wearable health care system based on knitted integrated sensors},
  author={Paradiso, Rita and Loriga, Giannicola and Taccini, Nicola},
  journal={IEEE transactions on Information Technology in biomedicine},
  volume={9},
  number={3},
  pages={337--344},
  year={2005},
  publisher={IEEE}
}

@inproceedings{poupyrev2016project,
  title={Project Jacquard: interactive digital textiles at scale},
  author={Poupyrev, Ivan and Gong, Nan-Wei and Fukuhara, Shiho and Karagozler, Mustafa Emre and Schwesig, Carsten and Robinson, Karen E},
  booktitle={Proceedings of the 2016 CHI Conference on Human Factors in Computing Systems},
  pages={4216--4227},
  year={2016},
  organization={ACM}
}

@inproceedings{Molla:2017:SME:3123021.3123058,
 author = {Molla, Md. Tahmidul Islam and Goodman, Steven and Schleif, Nicholas and Berglund, Mary Ellen and Zacharias, Cade and Compton, Crystal and Dunne, Lucy E.},
 title = {Surface-mount Manufacturing for e-Textile Circuits},
 booktitle = {Proceedings of the 2017 ACM International Symposium on Wearable Computers},
 series = {ISWC '17},
 year = {2017},
 isbn = {978-1-4503-5188-1},
 location = {Maui, Hawaii},
 pages = {18--25},
 numpages = {8},
 url = {http://doi.acm.org/10.1145/3123021.3123058},
 doi = {10.1145/3123021.3123058},
 acmid = {3123058},
 publisher = {ACM},
 address = {New York, NY, USA},
 keywords = {SMD fabrication, e-textiles, smart clothing, wearable technology},
} 


@article{linz2012contacting,
  title={Contacting electronics to fabric circuits with nonconductive adhesive bonding},
  author={Linz, Torsten and von Krshiwoblozki, Malte and Walter, Hans and Foerster, Philipp},
  journal={Journal of The Textile Institute},
  volume={103},
  number={10},
  pages={1139--1150},
  year={2012},
  publisher={Taylor \& Francis}
}

@inproceedings{perner2011handcrafting,
  title={Handcrafting textile interfaces from a kit-of-no-parts},
  author={Perner-Wilson, Hannah and Buechley, Leah and Satomi, Mika},
  booktitle={Proceedings of the fifth international conference on Tangible, embedded, and embodied interaction},
  pages={61--68},
  year={2011},
  organization={ACM}
}

@inproceedings{peng2015layered,
  title={A layered fabric 3D printer for soft interactive objects},
  author={Peng, Huaishu and Mankoff, Jennifer and Hudson, Scott E and McCann, James},
  booktitle={Proceedings of the 33rd Annual ACM Conference on Human Factors in Computing Systems},
  pages={1789--1798},
  year={2015},
  organization={ACM}
}

@inproceedings{vogl2017stretcheband,
  title={StretchEBand: Enabling Fabric-based Interactions through Rapid Fabrication of Textile Stretch Sensors.},
  author={Vogl, Anita and Parzer, Patrick and Babic, Teo and Leong, Joanne and Olwal, Alex and Haller, Michael},
  booktitle={CHI},
  pages={2617--2627},
  year={2017}
}

@inproceedings{Igarashi:2007:TSI:1281500.1281532,
 author = {Igarashi, Takeo and Matsuoka, Satoshi and Tanaka, Hidehiko},
 title = {Teddy: A Sketching Interface for 3D Freeform Design},
 booktitle = {ACM SIGGRAPH 2007 Courses},
 series = {SIGGRAPH '07},
 year = {2007},
 isbn = {978-1-4503-1823-5},
 location = {San Diego, California},
 articleno = {21},
 url = {http://doi.acm.org/10.1145/1281500.1281532},
 doi = {10.1145/1281500.1281532},
 acmid = {1281532},
 publisher = {ACM},
 address = {New York, NY, USA},
 keywords = {3D modeling, chordal axes, design, gestures, inflation, pen-based systems, sketching},
} 


@inproceedings{follmer2012kidcad,
  title={KidCAD: digitally remixing toys through tangible tools},
  author={Follmer, Sean and Ishii, Hiroshi},
  booktitle={Proceedings of the SIGCHI Conference on Human Factors in Computing Systems},
  pages={2401--2410},
  year={2012},
  organization={ACM}
}

@inproceedings{gannon2015tactum,
  title={Tactum: a skin-centric approach to digital design and fabrication},
  author={Gannon, Madeline and Grossman, Tovi and Fitzmaurice, George},
  booktitle={Proceedings of the 33rd Annual ACM Conference on Human Factors in Computing Systems},
  pages={1779--1788},
  year={2015},
  organization={ACM}
}

@inproceedings{follmer2011deform,
  title={deForm: an interactive malleable surface for capturing 2.5 D arbitrary objects, tools and touch},
  author={Follmer, Sean and Johnson, Micah and Adelson, Edward and Ishii, Hiroshi},
  booktitle={Proceedings of the 24th annual ACM symposium on User interface software and technology},
  pages={527--536},
  year={2011},
  organization={ACM}
}

@inproceedings{mueller2012interactive,
  title={Interactive construction: interactive fabrication of functional mechanical devices},
  author={Mueller, Stefanie and Lopes, Pedro and Baudisch, Patrick},
  booktitle={Proceedings of the 25th annual ACM symposium on User interface software and technology},
  pages={599--606},
  year={2012},
  organization={ACM}
}

@inproceedings{savage2015makers,
  title={Makers' Marks: Physical markup for designing and fabricating functional objects},
  author={Savage, Valkyrie and Follmer, Sean and Li, Jingyi and Hartmann, Bj{\"o}rn},
  booktitle={Proceedings of the 28th Annual ACM Symposium on User Interface Software \& Technology},
  pages={103--108},
  year={2015},
  organization={ACM}
}

@inproceedings{Kikuchi:2016:MML:2839462.2856549,
 author = {Kikuchi, Takashi and Hiroi, Yuichi and Smith, Ross T. and Thomas, Bruce H. and Sugimoto, Maki},
 title = {MARCut: Marker-based Laser Cutting for Personal Fabrication on Existing Objects},
 booktitle = {Proceedings of the TEI '16: Tenth International Conference on Tangible, Embedded, and Embodied Interaction},
 series = {TEI '16},
 year = {2016},
 isbn = {978-1-4503-3582-9},
 location = {Eindhoven, Netherlands},
 pages = {468--474},
 numpages = {7},
 url = {http://doi.acm.org/10.1145/2839462.2856549},
 doi = {10.1145/2839462.2856549},
 acmid = {2856549},
 publisher = {ACM},
 address = {New York, NY, USA},
 keywords = {Laser Cutting, Marker-based, Personal Fabrication},
} 


@inproceedings{follmer2010copycad,
  title={CopyCAD: remixing physical objects with copy and paste from the real world},
  author={Follmer, Sean and Carr, David and Lovell, Emily and Ishii, Hiroshi},
  booktitle={Adjunct proceedings of the 23nd annual ACM symposium on User interface software and technology},
  pages={381--382},
  year={2010},
  organization={ACM}
}

@inproceedings{willis2011interactive,
  title={Interactive fabrication: new interfaces for digital fabrication},
  author={Willis, Karl DD and Xu, Cheng and Wu, Kuan-Ju and Levin, Golan and Gross, Mark D},
  booktitle={Proceedings of the fifth international conference on Tangible, embedded, and embodied interaction},
  pages={69--72},
  year={2011},
  organization={ACM}
}

@inproceedings{song2006modelcraft,
  title={ModelCraft: capturing freehand annotations and edits on physical 3D models},
  author={Song, Hyunyoung and Guimbreti{\`e}re, Fran{\c{c}}ois and Hu, Chang and Lipson, Hod},
  booktitle={Proceedings of the 19th annual ACM symposium on User interface software and technology},
  pages={13--22},
  year={2006},
  organization={ACM}
}

@article{nakad2007using,
  title={Using electronic textiles to implement an acoustic beamforming array: A case study},
  author={Nakad, Zahi and Jones, Mark and Martin, Thomas and Shenoy, Ravi},
  journal={Pervasive and Mobile Computing},
  volume={3},
  number={5},
  pages={581--606},
  year={2007},
  publisher={Elsevier}
}

@inproceedings{katterfeldt2009eduwear,
  title={EduWear: smart textiles as ways of relating computing technology to everyday life},
  author={Katterfeldt, Eva-Sophie and Dittert, Nadine and Schelhowe, Heidi},
  booktitle={Proceedings of the 8th International Conference on Interaction Design and Children},
  pages={9--17},
  year={2009},
  organization={ACM}
}

@inproceedings{ngai2009teeboard,
  title={The TeeBoard: an education-friendly construction platform for e-textiles and wearable computing},
  author={Ngai, Grace and Chan, Stephen CF and Cheung, Joey CY and Lau, Winnie WY},
  booktitle={Proceedings of the SIGCHI Conference on Human Factors in Computing Systems},
  pages={249--258},
  year={2009},
  organization={ACM}
}

@inproceedings{ngai2010catch,
  title={i* CATch: a scalable plug-n-play wearable computing framework for novices and children},
  author={Ngai, Grace and Chan, Stephen CF and Ng, Vincent TY and Cheung, Joey CY and Choy, Sam SS and Lau, Winnie WY and Tse, Jason TP},
  booktitle={Proceedings of the SIGCHI Conference on Human Factors in Computing Systems},
  pages={443--452},
  year={2010},
  organization={ACM}
}

@inproceedings{kazemitabaar2017makerwear,
  title={MakerWear: A Tangible Approach to Interactive Wearable Creation for Children},
  author={Kazemitabaar, Majeed and McPeak, Jason and Jiao, Alexander and He, Liang and Outing, Thomas and Froehlich, Jon E},
  booktitle={Proceedings of the 2017 CHI Conference on Human Factors in Computing Systems},
  pages={133--145},
  year={2017},
  organization={ACM}
}

@article{lipson2010factory,
  title={Factory@ home: The emerging economy of personal fabrication},
  author={Lipson, Hod and Kurman, Melba},
  journal={A report commissioned by the US Office of Science and Technology Policy},
  year={2010}
}

@inproceedings{savage2014series,
  title={A series of tubes: adding interactivity to 3D prints using internal pipes},
  author={Savage, Valkyrie and Schmidt, Ryan and Grossman, Tovi and Fitzmaurice, George and Hartmann, Bj{\"o}rn},
  booktitle={Proceedings of the 27th annual ACM symposium on User interface software and technology},
  pages={3--12},
  year={2014},
  organization={ACM}
}